@article{doncieux2004robur,
  title={The ROBUR project: towards an autonomous flapping-wing animat},
  author={Doncieux, S. and Mouret, J.B. and Muratet, L. and Meyer, J.A.},
  journal={Proceedings of the Journ{\'e}es MicroDrones},
  year={2004},
  publisher={Citeseer}
}

@article{mad09,
  title={{MAD Skills: New Analysis Practices for Big Data}},
  author={Cohen, Jeffrey and Dolan, Brian and Dunlap, Mark and Hellerstein, Joseph M and Welton, Caleb},
  journal={Proceedings of the VLDB Endowment},
  volume={2},
  number={2},
  pages={1481--1492},
  year={2009},
  publisher={VLDB Endowment}
}

@article{madlib12,
  title={{The MADlib analytics library: or MAD skills, the SQL}},
  author={Hellerstein, Joseph M and R{\'e}, Christoper and Schoppmann, Florian and Wang, Daisy Zhe and Fratkin, Eugene and Gorajek, Aleksander and Ng, Kee Siong and Welton, Caleb and Feng, Xixuan and Li, Kun and others},
  journal={Proceedings of the VLDB Endowment},
  volume={5},
  number={12},
  pages={1700--1711},
  year={2012},
  publisher={VLDB Endowment}
}

@inproceedings{boost96,
  title={{Experiments with a new boosting algorithm}},
  author={Freund, Yoav and Schapire, Robert E},
  booktitle={Machine Learning International Workshop Then Conference},
  pages={148--156},
  year={1996},
  organization={Morgan Kaufman Publishers, Inc.}
}

@article{alr00,
  title={Additive logistic regression: a statistical view of boosting},
  author={Friedman, Jerome and Hastie, Trevor and Tibshirani, Robert},
  journal={The annals of statistics},
  volume={28},
  number={2},
  pages={337--407},
  year={2000},
  publisher={Institute of Mathematical Statistics}
}

@misc{mahout,
  title={{Apache Mahout}},
  note={\url{http://mahout.apache.org}}
}

@misc{rev,
  title={{Revolution Analytics}},
  note={\url{http://www.revolutionanalytics.com}}
}

@inproceedings{hyracks11,
  title={{Hyracks: A flexible and extensible foundation for data-intensive computing}},
  author={Borkar, Vinayak and Carey, Michael and Grover, Raman and Onose, Nicola and Vernica, Rares},
  booktitle={Data Engineering (ICDE), 2011 IEEE 27th International Conference on},
  pages={1151--1162},
  year={2011},
  organization={IEEE}
}

@article{graph12,
  title={{Distributed GraphLab: A framework for machine learning and data mining in the cloud}},
  author={Low, Yucheng and Bickson, Danny and Gonzalez, Joseph and Guestrin, Carlos and Kyrola, Aapo and Hellerstein, Joseph M},
  journal={Proceedings of the VLDB Endowment},
  volume={5},
  number={8},
  pages={716--727},
  year={2012},
  publisher={VLDB Endowment}
}

@inproceedings{systemml11,
  title={{SystemML: Declarative machine learning on MapReduce}},
  author={Ghoting, Amol and Krishnamurthy, Rajasekar and Pednault, Edwin and Reinwald, Berthold and Sindhwani, Vikas and Tatikonda, Shirish and Tian, Yuanyuan and Vaithyanathan, Shivakumar},
  booktitle={Data Engineering (ICDE), 2011 IEEE 27th International Conference on},
  pages={231--242},
  year={2011},
  organization={IEEE}
}

@inproceedings{pregel10,
  title={{Pregel: a system for large-scale graph processing}},
  author={Malewicz, Grzegorz and Austern, Matthew H and Bik, Aart JC and Dehnert, James C and Horn, Ilan and Leiser, Naty and Czajkowski, Grzegorz},
  booktitle={Proceedings of the 2010 ACM SIGMOD International Conference on Management of data},
  pages={135--146},
  year={2010},
  organization={ACM}
}

@inproceedings{scidb11,
  title={{The architecture of SciDB}},
  author={Stonebraker, Michael and Brown, Paul and Poliakov, Alex and Raman, Suchi},
  booktitle={Scientific and Statistical Database Management},
  pages={1--16},
  year={2011},
  organization={Springer}
}

@article{snow09,
  title={{Snow: A parallel computing framework for the R system}},
  author={Tierney, Luke and Rossini, Anthony J and Li, Na},
  journal={International Journal of Parallel Programming},
  volume={37},
  number={1},
  pages={78--90},
  year={2009},
  publisher={Springer}
}

@inproceedings{scalop11,
  title={{Machine learning in ScalOps, a higher order cloud computing language}},
  author={Weimer, Markus and Condie, Tyson and Ramakrishnan, Raghu and others},
  booktitle={NIPS 2011 Workshop on parallel and large-scale machine learning (BigLearn)},
  volume={9},
  pages={389--396},
  year={2011}
}

@inproceedings{resi12,
  title={{Resilient distributed datasets: A fault-tolerant abstraction for in-memory cluster computing}},
  author={Zaharia, Matei and Chowdhury, Mosharaf and Das, Tathagata and Dave, Ankur and Ma, Justin and McCauley, Murphy and Franklin, Michael and Shenker, Scott and Stoica, Ion},
  booktitle={Proceedings of the 9th USENIX conference on Networked Systems Design and Implementation},
  pages={2--2},
  year={2012},
  organization={USENIX Association}
}

@article{DEAPJMLR2012, 
     author    = " F\'elix-Antoine Fortin and Fran\c{c}ois-Michel {De Rainville} and Marc-Andr\'e Gardner and Marc Parizeau and Christian Gagn\'e ",
     title     = { {DEAP}: Evolutionary Algorithms Made Easy },
     pages    = { 2171--2175 },
     volume    = { 13 },
     month     = { jul },
     year      = { 2012 },
     journal   = { Journal of Machine Learning Research }
 }
